<record><leader>00000cas a2200000 a 4500</leader><controlfield tag="001">50983552</controlfield><controlfield tag="008">021111d20022010mauwn n       0    0eng c</controlfield><datafield ind1=" " ind2=" " tag="010"><subfield code="a">  2002236012</subfield></datafield><datafield ind1=" " ind2=" " tag="040"><subfield code="a">IUB</subfield><subfield code="b">eng</subfield><subfield code="c">IUB</subfield><subfield code="d">HVL</subfield><subfield code="d">YLS</subfield><subfield code="d">OCLCQ</subfield><subfield code="d">OCLCF</subfield></datafield><datafield ind1=" " ind2=" " tag="022"><subfield code="y">0017-8101</subfield></datafield><datafield ind1="1" ind2=" " tag="029"><subfield code="a">AU@</subfield><subfield code="b">000024246101</subfield></datafield><datafield ind1=" " ind2=" " tag="042"><subfield code="a">pcc</subfield></datafield><datafield ind1=" " ind2=" " tag="043"><subfield code="a">n-us-ma</subfield></datafield><datafield ind1=" " ind2="4" tag="050"><subfield code="a">KF292.H33</subfield><subfield code="b">A5</subfield></datafield><datafield ind1="0" ind2=" " tag="130"><subfield code="a">Record (Harvard Law School)</subfield></datafield><datafield ind1="1" ind2="4" tag="245"><subfield code="a">The record.</subfield></datafield><datafield ind1="1" ind2=" " tag="246"><subfield code="i">Issues for &lt;Sept. 2008-&gt; have title:</subfield><subfield code="a">Harvard Law record</subfield></datafield><datafield ind1=" " ind2=" " tag="260"><subfield code="a">Cambridge, Mass. :</subfield><subfield code="b">Harvard Law School Record Corp.,</subfield><subfield code="c">2002-</subfield></datafield><datafield ind1=" " ind2=" " tag="300"><subfield code="a">17 v. :</subfield><subfield code="b">ill. ;</subfield><subfield code="c">44 cm.</subfield></datafield><datafield ind1=" " ind2=" " tag="310"><subfield code="a">Weekly (24 times) during the academic year</subfield></datafield><datafield ind1="0" ind2=" " tag="362"><subfield code="a">Vol. 115, no. 1 (Sept. 12, 2002)-</subfield></datafield><datafield ind1="1" ind2=" " tag="362"><subfield code="a">Ceased with: vol. 131, no. 2 (Nov. 12, 2010).</subfield></datafield><datafield ind1=" " ind2=" " tag="500"><subfield code="a">Title from caption.</subfield></datafield><datafield ind1=" " ind2=" " tag="500"><subfield code="a">"Harvard Law School's independent weekly newspaper" (varies slightly).</subfield></datafield><datafield ind1=" " ind2=" " tag="525"><subfield code="a">Includes annual career guide special issue; 2002 called: Get a job; 2003-&lt;2005&gt; called: Career guide (running title: Annual career guide).</subfield></datafield><datafield ind1=" " ind2=" " tag="580"><subfield code="a">Issues for &lt;Sept. 18, 2008&gt; also available online; issues for &lt;Dec. 2011&gt; only available online.</subfield></datafield><datafield ind1=" " ind2=" " tag="588"><subfield code="a">Latest issue consulted: Vol. 127, no. 2 (Sept. 18, 2008).</subfield></datafield><datafield ind1="2" ind2="0" tag="610"><subfield code="a">Harvard Law School</subfield><subfield code="v">Periodicals.</subfield></datafield><datafield ind1=" " ind2="0" tag="650"><subfield code="a">Law schools</subfield><subfield code="z">Massachusetts</subfield><subfield code="v">Periodicals.</subfield></datafield><datafield ind1=" " ind2="7" tag="655"><subfield code="a">Periodicals.</subfield><subfield code="2">fast</subfield><subfield code="0">(OCoLC)fst01411641</subfield></datafield><datafield ind1="2" ind2="7" tag="610"><subfield code="a">Harvard Law School.</subfield><subfield code="2">fast</subfield><subfield code="0">(OCoLC)fst00540016</subfield></datafield><datafield ind1=" " ind2="7" tag="650"><subfield code="a">Law schools.</subfield><subfield code="2">fast</subfield><subfield code="0">(OCoLC)fst00994121</subfield></datafield><datafield ind1=" " ind2="7" tag="651"><subfield code="a">Massachusetts.</subfield><subfield code="2">fast</subfield><subfield code="0">(OCoLC)fst01204307</subfield></datafield><datafield ind1="2" ind2=" " tag="710"><subfield code="a">Harvard Law School.</subfield></datafield><datafield ind1="0" ind2="2" tag="740"><subfield code="a">Career guide.</subfield></datafield><datafield ind1="0" ind2="2" tag="740"><subfield code="a">Annual career guide.</subfield></datafield><datafield ind1="0" ind2="0" tag="780"><subfield code="t">Harvard law record</subfield><subfield code="x">0017-8101</subfield><subfield code="w">(DLC)sn 89003804</subfield><subfield code="w">(OCoLC)9093740</subfield></datafield><datafield ind1="4" ind2="1" tag="856"><subfield code="u">http://www.hlrecord.org</subfield></datafield></record>